<?xml version="1.0" encoding="UTF-8"?><record xmlns="http://www.loc.gov/MARC21/slim" xmlns:cinclude="http://apache.org/cocoon/include/1.0" xmlns:zs="http://www.loc.gov/zing/srw/">
  <leader>00408nz  a2200121n  4500</leader>
  <controlfield tag="001">n 2006165843</controlfield>
  <controlfield tag="003">DLC</controlfield>
  <controlfield tag="005">20061028075008.0</controlfield>
  <controlfield tag="008">061027n| acannaabn          |n aaa      </controlfield>
  <datafield tag="010" ind1=" " ind2=" ">
    <subfield code="a">n 2006165843</subfield>
  </datafield>
  <datafield tag="040" ind1=" " ind2=" ">
    <subfield code="a">DLC</subfield>
    <subfield code="b">eng</subfield>
    <subfield code="c">DLC</subfield>
  </datafield>
  <datafield tag="100" ind1="1" ind2=" ">
    <subfield code="a">Geiger, Laura V.</subfield>
  </datafield>
  <datafield tag="670" ind1=" " ind2=" ">
    <subfield code="a">NUCMC data from the Barnes Foundation Archives for The art of Henri-Matisse manuscripts, 1931-1932</subfield>
    <subfield code="b">(Laura V. Geiger;  Barnes Foundation staff member)</subfield>
  </datafield>
</record>